
@book{petticrew_systematic_2006,
	address = {Malden, {MA}; Oxford},
	title = {Systematic reviews in the social sciences: a practical guide},
	isbn = {1405121106  1405121114  9781405121101 9781405121118},
	shorttitle = {Systematic reviews in the social sciences},
	abstract = {"This book outlines the rationale and methods of systematic reviews, giving worked examples from social science and other fields. It requires no previous knowledge, but takes the reader through the process stage by stage. It draws on examples from such diverse fields as psychology, criminology, education, transport, social welfare, public health, and housing and urban policy, among others."--{BOOK} {JACKET}.},
	language = {English},
	publisher = {Blackwell Pub.},
	author = {Petticrew, Mark and Roberts, Helen},
	year = {2006}
}